@book{openmp,
    author = {Chapman, Barbara and Jost, Gabriele and van der Pas, Ruud},
    title = {Using OpenMP: Portable Shared Memory Parallel Programming},
    year = {2008},
    publisher = {The MIT Press},
    isbn = {978-0-262-03384-2}
}

@book{mpi,
    author = {Gropp, William and Lusk, Ewing and Skjellum, Anthony},
    title = {Using MPI: Portable Parallel Programming with the Message Passing Interface},
    year = {1999},
    publisher = {The MIT Press},
    isbn = {978-0-262-57123-3}
}

@book{openmpmpi,
    author = {Reinders, James},
    title = {Intel Xeon Phi Coprocessor High Performance Programming},
    year = {2013},
    publisher = {Elsevier},
    isbn = {978-0-12-409523-5}
}

@book{parallelalgorithms,
    author = {Quinn, Michael J.},
    title = {Parallel Programming in C with MPI and OpenMP},
    year = {2003},
    publisher = {McGraw-Hill},
    isbn = {978-0072822564}
}

@inproceedings{blelloch1990prefix,
  title={Prefix sums and their applications},
  author={Blelloch, Guy E},
  booktitle={Proceedings of the 1990 ACM/IEEE conference on Supercomputing},
  pages={330--334},
  year={1990},
  organization={IEEE}
}

@article{bitonic1980,
  title={Sorting networks and their applications},
  author={Bitonic, Kenyon F},
  journal={Proceedings of the IEEE},
  volume={68},
  number={3},
  pages={366--377},
  year={1980},
  publisher={IEEE}
}